<record xmlns="http://www.loc.gov/MARC21/slim" xmlns:xsi="http://www.w3.org/2001/XMLSchema-instance" xsi:schemaLocation="http://www.loc.gov/MARC21/slim http://www.loc.gov/standards/marcxml/schema/MARC21slim.xsd"><leader>01424nam a2200325   4500</leader><controlfield tag="001">001677041</controlfield><controlfield tag="003">NNU</controlfield><controlfield tag="006">m        d        </controlfield><controlfield tag="007">cr cn |||m|||a</controlfield><controlfield tag="008">140707s1949    ua      ob    000 0 ara d</controlfield><datafield ind1=" " ind2=" " tag="040"><subfield code="a">NNU</subfield><subfield code="b">eng</subfield><subfield code="c">NNU</subfield></datafield><datafield ind1="0" ind2=" " tag="100"><subfield code="a">Fa&#772;ra&#772;bi&#772;.</subfield></datafield><datafield ind1="1" ind2="0" tag="245"><subfield code="a">Ih&#803;s&#803;a&#772;&#700; al-&#699;ulu&#772;m</subfield><subfield code="h">[electronic resource]</subfield><subfield code="c">lil-Fa&#772;ra&#772;bi&#772; ; h&#803;aqqaqahu wa-qaddama la-hu wa-&#699;allaqa &#699;alayh &#699;Uthma&#772;n Ami&#772;n.</subfield></datafield><datafield ind1="1" ind2="4" tag="246"><subfield code="a">Statistique des sciences</subfield></datafield><datafield ind1=" " ind2=" " tag="250"><subfield code="a">al-T&#803;ab&#699;ah 2.</subfield></datafield><datafield ind1=" " ind2=" " tag="260"><subfield code="a">[Cairo] :</subfield><subfield code="b">Da&#772;r al-Fikr al-&#699;Arabi&#772;,</subfield><subfield code="c">1949.</subfield></datafield><datafield ind1=" " ind2=" " tag="300"><subfield code="a">online resource (141 p.)</subfield></datafield><datafield ind1=" " ind2=" " tag="500"><subfield code="a">Part of the Arabic Collections Online (ACO) project, contributed by New York Univeristy Libraries.</subfield></datafield><datafield ind1=" " ind2=" " tag="504"><subfield code="a">Includes bibliographical references.</subfield></datafield><datafield ind1=" " ind2=" " tag="533"><subfield code="a">Electronic reproduction.</subfield><subfield code="b">New York, N.Y. :</subfield><subfield code="c">New York University,</subfield><subfield code="d">2014.</subfield><subfield code="5">NNU</subfield></datafield><datafield ind1=" " ind2="0" tag="650"><subfield code="a">Classification of sciences.</subfield></datafield><datafield ind1=" " ind2="7" tag="650"><subfield code="a">Classification of sciences.</subfield><subfield code="2">fast</subfield><subfield code="0">(OCoLC)fst00863687</subfield></datafield><datafield ind1="1" ind2=" " tag="700"><subfield code="a">Ami&#772;n, &#699;Uthma&#772;n.</subfield></datafield><datafield ind1="2" ind2=" " tag="710"><subfield code="a">New York University.</subfield><subfield code="b">Libraries.</subfield></datafield><datafield ind1="0" ind2=" " tag="730"><subfield code="a">Arabic Collections Online.</subfield></datafield><datafield ind1="0" ind2="8" tag="776"><subfield code="i">Print version:</subfield><subfield code="a">Fa&#772;ra&#772;bi&#772;.</subfield><subfield code="t">Ih&#803;s&#803;a&#772;&#700; al-&#699;ulu&#772;m</subfield><subfield code="w">(NNU)001677041</subfield><subfield code="w">(OCoLC)33873735</subfield></datafield><datafield ind1=" " ind2="0" tag="830"><subfield code="a">Princeton University Arabic collection ;</subfield><subfield code="v">cn. 9503650.05.</subfield></datafield><datafield ind1=" " ind2="0" tag="830"><subfield code="a">Princeton University Arabic collection.</subfield><subfield code="p">Phase II.</subfield></datafield><datafield ind1="4" ind2="0" tag="856"><subfield code="u">http://hdl.handle.net/2333.1/8931zfjq</subfield></datafield><datafield ind1=" " ind2=" " tag="959"><subfield code="a">NNU</subfield><subfield code="b">WEB</subfield><subfield code="c">GENI</subfield><subfield code="t">0</subfield><subfield code="m">Electronic access</subfield><subfield code="s">01</subfield></datafield></record>